2066 3216
783 282 811 329 8

780 393 1059 454 monitisque
1093 393 1398 443 multimodas
1434 392 1706 452 observari,
1754 392 1839 454 qui

779 473 998 524 omnibus
1022 473 1097 523 his
1115 479 1387 536 praeesset,
1423 475 1489 524 ad
1510 486 1649 536 quem
1674 473 1838 524 omnia

777 557 1099 620 referrentur,
1121 555 1326 616 patritia
1351 556 1409 605 de
1431 561 1573 620 qente
1594 569 1836 621 summum

777 637 946 688 stat-uit
982 636 1257 699 pontificem
1271 678 1283 699 ,
1328 650 1467 700 quem
1507 637 1749 702 praefecit
1791 643 1839 689 et

777 719 1087 783 infernorum
1125 719 1286 769 sacris
1324 724 1373 769 et
1396 719 1615 783 funeris,
1651 725 1696 770 et
1721 732 1837 786 pro-

774 801 1019 851 curationi
1028 801 1293 865 fulminum
1313 807 1453 864 atque
1466 802 1806 866 prodiqiorum
1819 819 1835 852 .·

774 883 923 934 multa
957 883 1159 946 insuper
1193 883 1246 933 id
1274 897 1429 948 oenus
1463 896 1584 946 quae
1603 884 1838 947 prosequi

775 965 972 1028 lonqum
1013 971 1061 1015 et
1089 965 1338 1029 reliqiosis
1385 979 1499 1016 vere
1537 965 1718 1016 animis
1762 972 1833 1017 at·

773 1059 863 1108 que
908 1047 1111 1097 auribus
1169 1061 1349 1097 vanum
1403 1047 1550 1098 etiam
1599 1060 1830 1111 superva-

774 1141 1010 1191 cuum-que
1061 1134 1198 1179 esset.
1253 1130 1339 1180 Itte
1390 1134 1550 1179 tamen
1605 1130 1672 1181 ad
1718 1129 1836 1181 haec

772 1210 935 1260 omnia
969 1225 1034 1260 ex
1067 1225 1246 1261 arcano
1283 1211 1554 1263 divinitatis
1585 1212 1832 1273 elicienda,

772 1306 914 1342 aram
961 1292 1076 1343 Jovi
1123 1292 1279 1343 Elicio
1326 1292 1559 1344 Aventini
1599 1293 1734 1347 collis
1781 1294 1836 1345 in

771 1375 947 1424 uertice
980 1374 1132 1438 eriqit
1151 1374 1428 1436 dedicatque
1449 1393 1463 1424 .·
1488 1388 1672 1426 annum
1690 1389 1833 1439 prae-

771 1461 901 1506 terea
934 1456 988 1505 in
1022 1469 1209 1506 menses
1231 1456 1494 1518 duodecim,
1519 1457 1704 1509 duobus
1720 1458 1829 1521 pri-

769 1538 887 1599 mis·‚
937 1538 1172 1602 januario
1221 1538 1403 1590 scilicet
1441 1540 1795 1604 februarioque
1819 1582 1830 1603 ,

767 1620 973 1679 additis,
1007 1619 1253 1671 distribuit
1264 1641 1281 1681 ,·
1307 1621 1534 1683 additque
1556 1622 1685 1686 leqes
1708 1622 1829 1673 mul·

767 1709 840 1752 tas
875 1708 1016 1764 atque
1050 1701 1216 1763 utiles,
1260 1703 1454 1763 primus
1494 1705 1627 1766 apud
1667 1717 1832 1755 roma-

765 1798 853 1834 nos
887 1783 1077 1848 leqifer.
1115 1783 1247 1845 Quae
1281 1789 1335 1834 ut
1368 1784 1422 1835 in
1455 1785 1592 1850 vulqi
1636 1786 1826 1837 animos

766 1867 912 1917 (iltius
946 1872 1118 1917 cancta
1154 1867 1522 1928 descenderent,
1571 1880 1827 1930 quaecum—

766 1961 856 2010 que
893 1954 1076 2012 aqeret,
1112 1961 1164 1996 se
1189 1947 1351 1998 divino
1376 1953 1508 1999 motu
1530 1949 1829 2012 alloquioque

766 2030 984 2081 edoctum
1019 2030 1282 2093 simulans,
1319 2030 1391 2080 sic
1424 2036 1471 2082 et
1502 2031 1602 2081 diis
1635 2037 1829 2094 accepta

759 2113 1026 2174 populoque
1061 2113 1278 2163 salubria
1314 2127 1364 2163 se
1401 2114 1595 2165 sancire
1640 2114 1824 2165 suadet.

763 2193 1020 2258 Fiqmento
1065 2195 1227 2245 'locum
1271 2201 1318 2245 et
1363 2201 1550 2259 tempus
1602 2195 1827 2247 idoneum

762 2282 958 2336 nactus,
1007 2276 1060 2326 in
1105 2290 1274 2327 nemus
1324 2277 1560 2340 siquidem
1602 2276 1827 2328 Ariciam

762 2358 1070 2420 intempestae
1118 2359 1269 2409 noctis
1315 2359 1506 2410 silentio
1551 2359 1822 2410 ventilabat.
