2066 3216
800 235 863 284 ⁹2ss

797 361 1044 411 unumque
1082 349 1187 412 jam
1232 354 1368 414 teryo
1414 351 1674 402 instantem
1715 351 1856 403 videt.

799 430 946 481 Illum
981 444 1160 494 maqna
1207 431 1259 481 vi
1291 445 1555 482 conversus
1588 432 1855 501 obtruncat,

799 512 987 562 albanis
1017 513 1216 576 frustra
1251 519 1306 563 ut
1339 527 1476 576 opem
1503 514 1663 577 fratri
1680 515 1860 580 ferant

797 594 920 644 alios
962 595 1081 644 duos
1125 594 1453 656 hortantibus,
1484 596 1707 647 romanis
1751 597 1854 648 ino·

791 676 913 738 pina
948 690 1031 739 spe
1069 677 1371 739 recuperatis
1405 678 1586 727 animis
1625 684 1672 730 et
1715 691 1860 730 suum

799 757 1072 808 bellatorem
1124 760 1247 809 votis
1291 773 1349 809 ac
1383 773 1496 809 voce
1535 758 1861 822 firmantibus.

803 839 890 890 Ille
942 840 1025 890 cui
1066 853 1303 903 prospere
1354 841 1548 892 consilii
1583 841 1860 904 primordia

798 922 1166 985 successissent,
1189 923 1465 974 continuato
1499 924 1680 987 impetu
1711 923 1766 974 in
1786 937 1861 973 se-

800 1005 1016 1054 cundum
1061 1019 1239 1066 ruens,
1287 1006 1423 1056 illum
1469 1018 1680 1068 quoque,
1725 1011 1859 1056 ante·

800 1098 945 1148 quam
980 1086 1153 1137 tertius
1199 1087 1401 1138 vulnere
1447 1087 1651 1151 pravior
1693 1099 1855 1150 quam·

799 1179 945 1228 quam
985 1168 1091 1232 jam
1135 1168 1326 1219 vicinus
1372 1175 1673 1231 occurreret,
1708 1168 1857 1220 inter-
1893 1183 1897 1188 ·

795 1249 930 1312 fecit.
967 1249 1093 1300 Hinc
1123 1252 1228 1315 jam
1261 1265 1372 1301 cum
1405 1251 1545 1302 tertio
1566 1251 1751 1316 neqotii
1781 1251 1857 1302 ni-

803 1331 874 1381 bil
886 1351 902 1391 ,·
939 1332 1085 1394 aequi
1117 1346 1320 1383 numero
1355 1333 1441 1384 sed
1482 1333 1705 1395 dispares
1740 1331 1858 1384 oiri-

799 1413 887 1463 bus
921 1414 1194 1477 animisque
1227 1421 1555 1466 concurrunt:
1587 1414 1748 1478 itaque
1778 1429 1858 1466 ro-

797 1509 973 1546 manus
1007 1497 1263 1548 attonitum
1297 1497 1578 1560 improvisis
1616 1497 1862 1548 eventibus

795 1577 1019 1640 fratrum
1052 1582 1100 1627 et
1118 1578 1400 1629 vulneribus
1422 1578 1718 1630 debilitatum
1739 1583 1860 1629 ster·

799 1658 876 1708 nit
906 1674 965 1708 ac
991 1660 1212 1723 juqulat,
1249 1665 1296 1710 et
1327 1660 1621 1711 militaribus
1666 1659 1863 1711 exuviis

800 1740 938 1791 illum
971 1748 1112 1803 atque
1152 1742 1274 1793 alios
1320 1743 1525 1805 spoliat‚·
1574 1754 1720 1805 eoque
1759 1755 1859 1792 ma·

798 1822 903 1873 iore
937 1836 1028 1885 quo
1063 1824 1384 1887 insperatiore
1406 1823 1589 1876 laetitia
1611 1830 1862 1887 susceptus

799 1919 830 1954 a
864 1906 969 1956 suis
1002 1905 1257 1957 victoriam
1289 1906 1641 1969 imperiumque
1681 1907 1735 1957 in
1773 1918 1860 1969 pa-

799 1988 946 2039 triam
999 1989 1206 2040 revexit.
1258 1989 1490 2052 Sepulcra
1540 1989 1654 2040 olim
1669 2031 1681 2052 ,
1731 2002 1864 2039 nunc

799 2072 1004 2136 vestiyia
1040 2072 1378 2134 sepulcrorum
1411 2073 1744 2133 ostenduntur,
1776 2070 1862 2121 ubi

800 2154 1001 2216 quisque
1046 2154 1286 2205 ceciderat
1300 2174 1315 2215 ,·
1352 2154 1445 2204 duo
1479 2153 1627 2204 simul
1651 2165 1858 2203 romana

800 2235 975 2299 Albae,
1016 2237 1114 2287 tria
1149 2237 1322 2288 albana
1357 2237 1486 2287 inter
1531 2250 1583 2285 se
1626 2235 1859 2287 distantia

800 2320 982 2370 Romae
1003 2319 1237 2382 propius,
1266 2319 1393 2369 sicut
1424 2319 1531 2369 illos
1564 2317 1720 2368 victor
1763 2315 1855 2367 Ho-

795 2405 955 2456 ratius
984 2403 1220 2466 fuqiendo
1256 2402 1565 2452 (listina-erat.
