2066 3216
1227 252 1282 301 11

231 370 378 422 liente
405 369 706 434 profundius
720 410 732 430 ‚
769 369 996 419 inventae
1031 372 1146 417 sunt
1176 380 1295 417 arae

229 451 356 503 duae
393 451 609 515 lapideae
624 492 636 514 ,
665 449 862 514 plumbo
908 456 1132 513 opertae,·
1179 461 1293 511 qua-

227 548 342 585 rum
375 534 533 585 altera
565 534 842 596 sepulcrum
886 532 1022 596 reqis
1057 537 1188 593 erat,
1241 530 1295 580 in

228 616 382 667 altera
417 614 533 666 libri
561 615 723 679 reqis,
759 613 901 666 latini
934 619 1110 676 septem
1149 618 1194 663 et
1227 617 1293 663 to-

228 697 374 749 tidem
398 697 569 762 graeci
589 697 794 748 alternis
816 696 1129 747 candelarum
1148 695 1296 760 fasci-

227 778 315 829 bus
347 778 594 843 impliciti:
631 778 707 830 illi
738 778 929 841 quidem
965 779 1021 829 de
1039 779 1155 843 jure
1172 790 1292 840 pon-

227 859 374 924 tificio
388 901 402 921 ,
438 860 494 911 ln·
523 866 685 912 autem
721 861 777 910 de
811 859 1051 922 sapientia
1085 860 1295 910 conscri-

222 942 315 1006 pti.
353 942 450 1004 Qui
491 956 603 992 cum
647 958 678 993 a
720 941 893 1005 paucis
941 942 1075 1004 lecti,
1121 947 1295 993 contra

225 1023 516 1089 reliqionem
552 1030 821 1087 temporum
854 1029 901 1074 et
921 1037 1176 1075 sacrorum
1198 1024 1295 1075 visi

228 1110 415 1168 essent,
442 1106 646 1170 jurante
680 1119 768 1157 seu
797 1106 1151 1171 jusjurandum
1184 1106 1290 1170 offe-

228 1194 368 1239 rente
406 1195 638 1251 praetore
692 1201 995 1251 nequaquam
1031 1189 1295 1251 eoepediens

224 1283 333 1320 esse
363 1269 656 1334 reipublicae
679 1270 827 1322 libros
853 1271 959 1322 illos
983 1271 1177 1320 servari
1209 1275 1297 1321 aut

226 1351 429 1417 vulqari
447 1394 459 1416 ,
494 1358 666 1404 senatu
693 1353 890 1416 J'ubente
911 1395 922 1415 ‚
957 1359 1099 1415 atque
1115 1353 1292 1415 populo

229 1439 484 1498 spectante,
507 1434 742 1485 combusti
765 1441 894 1485 sunt.
920 1435 979 1485 In
997 1434 1169 1496 quibus
1192 1435 1290 1497 opi-

227 1517 350 1567 nari
375 1518 458 1581 fas
482 1522 567 1578 est,
591 1517 733 1579 idque
754 1524 1038 1568 nostrorum·
1061 1518 1293 1579 quosdam

230 1599 451 1663 opinatos
485 1600 620 1651 video
638 1642 649 1662 ,
686 1600 1104 1663 sapientissimum
1126 1613 1295 1665 reqem

228 1681 296 1732 ad
319 1682 538 1746 ferocem
568 1683 800 1746 populum
831 1683 1130 1748 frenandam
1165 1688 1296 1734 metu

226 1764 504 1815 coelestium
518 1805 529 1826 ,
563 1769 635 1825 et,
654 1777 747 1828 pro
772 1771 1000 1827 tempore,
1027 1765 1140 1816 utili
1161 1779 1290 1816 men-

160 1851 166 1862 “
228 1845 366 1898 dacio
401 1847 486 1898 diu
518 1860 677 1910 usum,
714 1849 904 1899 tandem
941 1848 1091 1899 morti
1118 1848 1291 1911 proeci-

227 1941 387 1991 mum,
423 1942 534 1979 cum
552 1935 730 1991 pacata
764 1931 886 1981 satis
922 1931 1085 1981 omnia
1129 1943 1292 1994 spera·

227 2015 330 2072 ret,
370 2023 458 2062 nec
497 2011 604 2075 jam
645 2012 855 2075 amplius
894 2012 1124 2078 ficmento
1171 2026 1292 2076 opus

228 2092 591 2157 arbitraretur,
643 2094 843 2146 veritati
892 2096 1050 2146 nudae
1096 2109 1294 2158 operam

229 2175 446 2235 dedisse,
481 2178 717 2240 quamvis,
752 2183 808 2228 ut
830 2184 902 2229 est
927 2178 1126 2238 dictum,
1157 2192 1291 2229 occu-

224 2258 354 2324 patis
379 2259 720 2323 superstitione
754 2260 934 2311 animis
969 2260 1150 2312 veritas
1185 2261 1291 2323 ipsa

228 2340 407 2405 rejecta
455 2341 542 2403 sit,
579 2342 707 2393 sicut
738 2355 880 2405 saepe
913 2342 1070 2393 animi
1105 2343 1290 2406 passio-

229 2425 373 2477 nibus
406 2427 530 2478 vieta
566 2426 803 2491 rejicitur.
