2066 3216
822 233 886 282 ‘28

818 348 1048 411 futurum
1083 345 1390 405 laturumque
1423 355 1582 405 opem,
1618 343 1672 394 in
1709 343 1889 394 Roma-

824 441 943 477 num
966 427 1139 478 bellum
1163 424 1369 487 imp-ulit.
1396 423 1499 486 Quo
1518 465 1530 486 ,
1550 437 1662 475 cum
1685 439 1717 476 a
1753 423 1890 475 Tullo

828 515 1052 559 evocatus
1088 522 1152 558 em
1173 507 1388 571 foedere,
1424 519 1534 556 oum
1569 505 1790 556 excercitu
1810 506 1892 556 ud-

834 591 1067 652 veuisset,
1098 601 1361 652 puquaque
1397 586 1536 648 inita,
1570 591 1799 638 neutram
1831 591 1896 638 to-

830 678 908 722 tus
943 676 996 721 iu
1027 677 1218 734 partem
1254 669 1495 720 inclinare
1527 681 1696 730 ausus,
1722 667 1897 731 promi-

827 766 961 803 mum
995 766 1046 801 se
1081 751 1133 802 iu
1167 752 1333 802 collem
1362 750 1642 801 contulisset
1675 755 1895 813 empeota-

831 842 975 886 turus
1020 834 1098 884 rei
1141 833 1326 884 emitum
1343 875 1354 895 ,
1406 832 1642 882 Romanis
1687 830 1900 882 novitate

828 915 1207 979 trepidantibus,
1250 914 1417 966 Tullus
1451 915 1718 975 adamat,
1752 919 1810 964 ut
1839 911 1899 963 ab

830 1004 1034 1060 utroqse
1069 997 1421 1061 iuteltiqeretur
1456 995 1702 1058 emerem,
1726 1009 1814 1046 suo
1849 994 1902 1044 id

829 1079 1030 1130 oonsilio
1059 1079 1298 1142 jussuque
1332 1077 1468 1142 qeri,
1503 1084 1557 1128 ut
1590 1093 1621 1128 a
1657 1083 1794 1142 terqo
1818 1075 1899 1126 lto-

835 1167 932 1212 stes
967 1161 1266 1211 adoriretur.
1305 1159 1406 1221 Quo
1432 1160 1556 1210 dieto
1572 1199 1583 1221 ,
1607 1167 1652 1211 et
1676 1159 1782 1209 suis
1807 1171 1901 1208 me-

833 1250 884 1293 tu
933 1242 1207 1306 transfuqii
1241 1242 1426 1305 dempto
1456 1248 1502 1293 et
1533 1241 1803 1304 suspitione
1825 1239 1903 1291 Ito-

834 1325 988 1376 stibus
1041 1324 1231 1387 iurepta
1248 1365 1259 1386 ,
1317 1323 1574 1375 victoriam
1620 1321 1899 1375 maturavit.

837 1407 1101 1469 Postquam
1145 1420 1255 1457 eum
1290 1405 1370 1456 ille
1404 1405 1791 1469 pratulabuudus
1810 1419 1901 1455 ro-

836 1489 996 1539 manis
1020 1502 1111 1538 sua
1133 1488 1279 1551 siqua
1303 1487 1645 1552 eouiuuqeret,
1669 1500 1766 1538 rea>
1788 1500 1902 1552 yra-

837 1571 974 1621 vibus
1009 1570 1170 1620 verbis
1206 1570 1466 1632 increpitat
1485 1583 1624 1629 eum,
1648 1568 1796 1633 pravi
1826 1567 1902 1620 iti·

838 1654 945 1703 dem
981 1666 1068 1702 nee
1104 1652 1282 1715 injusto
1317 1657 1477 1702 tamen
1516 1650 1684 1714 puniit
1725 1650 1904 1714 suppli·

837 1735 911 1785 cio
929 1775 942 1795 ,
980 1739 1035 1785 ut
1067 1734 1255 1784 divisus
1289 1733 1418 1784 euim
1453 1733 1547 1783 bue
1580 1732 1700 1783 illue
1737 1733 1903 1795 prodi-

837 1818 958 1867 toris
994 1816 1190 1867 animus
1220 1817 1418 1880 fuerat,
1453 1815 1525 1865 sie
1559 1814 1816 1879 quadriyis
1850 1814 1905 1864 iu

839 1901 1093 1950 diversum
1126 1899 1248 1950 actis
1284 1897 1498 1960 discerpi
1540 1909 1716 1959 eorpus
1746 1895 1880 1961 ffubet
1895 1937 1906 1956 ,

839 1982 1099 2044 Albamque
1136 1981 1376 2042 subverti,
1424 1985 1473 2029 et
1516 1985 1776 2043 eoqnatum
1820 1992 1901 2042 po-

834 2066 1004 2128 pulum
1042 2065 1246 2114 Romam
1271 2062 1523 2113 transvehi
1544 2067 1686 2125 atque
1711 2061 1762 2111 in
1793 2059 1902 2112 Gae-

841 2148 906 2198 lio
940 2154 1099 2197 monte
1132 2146 1385 2207 constitui,
1408 2145 1493 2195 ubi
1513 2145 1616 2208 ipse
1642 2142 1736 2194 sibi
1757 2142 1904 2193 etiam

841 2231 1003 2280 sedem
1041 2229 1172 2293 leqit.

911 2311 1127 2361 Tandem
1162 2325 1272 2361 eum
1312 2307 1498 2360 sabinis
1533 2308 1637 2368 his,
1663 2307 1747 2370 qui
1767 2321 1798 2356 a
1825 2319 1908 2356 ro·
