2066 3216
1260 270 1284 318 7

225 387 336 439 belli
349 428 360 450 ,
404 386 654 449 clausum,
698 386 838 449 pacis
873 390 999 436 'esset
1041 383 1287 434 inditium.

225 468 377 532 quue
420 468 524 532 ipse
570 473 664 519 toto
709 468 858 532 reqni
902 471 1115 529 tempore
1161 465 1291 515 obse-

224 556 390 602 ratum
416 549 754 613 providentiae
789 562 907 599 suae
941 547 1194 612 repaqulis
1217 562 1293 598 oe-

225 631 470 695 ctibusque
513 630 775 690 continuit,
822 630 987 682 bellico
1034 629 1167 680 intus
1212 630 1293 693 fu-

225 727 344 765 rore
376 726 676 776 compresso,
706 725 828 775 pace
861 711 1048 762 circum
1074 711 1290 775 justitia-

227 807 320 859 que
351 794 588 860 reynanti
595 794 714 844 bus:
749 808 873 845 rara
899 794 1123 856 deinceps
1154 793 1293 844 bella-

227 877 303 927 cis
342 876 516 940 populi
559 877 764 941 fortuna
805 876 908 940 fuit
928 917 939 936 ‚
986 882 1084 926 tam
1123 888 1293 938 perpe·

231 959 335 1010 tuis
365 957 573 1009 motibus
618 957 830 1020 stirpem·
866 971 1008 1008 suam
1051 956 1296 1007 Gradivus

232 1039 482 1092 emercuit!
511 1039 812 1091 sicea-tincti
830 1039 967 1103 reglis
997 1039 1169 1089 nuntio
1194 1053 1296 1088 cre-

229 1121 387 1174 ditum
403 1163 414 1184 ,
449 1121 522 1172 sic
555 1122 725 1186 jussui
756 1121 1133 1184 obtemperatum
1164 1121 1296 1186 fuit!

234 1206 327 1259 Hic
357 1206 541 1258 vicinos
577 1206 734 1272 iqitur
762 1207 992 1270 populos,
1029 1207 1301 1269 quo-salter

232 1292 349 1345 b'ello
395 1292 584 1344 vicerat
606 1334 617 1355 ,
660 1291 941 1358 foederibus
989 1291 1163 1356 junooit
1183 1312 1197 1352 ‚·
1253 1297 1302 1343 et

231 1387 351 1439 quos
395 1375 475 1426 ille
515 1380 645 1426 metu
685 1379 960 1437 presserat,
1010 1374 1088 1424 liic
1131 1387 1301 1424 amore

232 1457 461 1508 servavit.
497 1457 630 1519 Mooe,
658 1456 925 1508 visibilium
952 1456 1185 1507 bellorum
1207 1460 1302 1506 ter-

233 1553 350 1592 rore
370 1538 608 1603 deposito,
644 1539 882 1590 adversus
918 1538 1186 1589 invisibiles
1221 1538 1299 1589 lto-

235 1627 334 1674 stes
365 1635 556 1672 omnem
577 1634 774 1681 curam,
797 1633 937 1670 omne
960 1620 1173 1671 studium
1195 1635 1299 1671 ver-

236 1703 308 1756 tit.
362 1703 619 1754 Lasciviae
670 1702 1024 1764 indomitaeque
1081 1702 1302 1764 libidini,

235 1798 360 1850 quae
404 1785 535 1836 mala
580 1797 722 1848 saepe
765 1784 904 1847 pacis
950 1783 1101 1835 otium
1139 1783 1301 1846 parit,

237 1868 440 1920 deorum
489 1874 671 1918 metum
717 1871 767 1918 et
795 1866 968 1917 ‘vincla
1013 1865 1301 1930 reliqionis,

239 1949 398 2013 qualis
431 1949 626 2001 illorum
661 1955 928 2012 temporum
965 1961 1070 1996 esse
1096 1952 1300 2010 poterat,

238 2031 414 2099 obji'cit.
441 2032 539 2094 Qui
571 2032 826 2086 ministros
849 2030 1062 2082 instituit
1084 2030 1301 2080 sacerdo-

241 2119 340 2177 tes,
366 2129 425 2166 ac
463 2113 716 2178 flamines,
765 2112 1077 2178 virainesque
1135 2111 1298 2162 Vesta-

241 2196 335 2260 les,
381 2194 678 2260 stipendium
724 2195 781 2246 de
824 2195 1011 2259 publico
1056 2200 1301 2256 vestesque

242 2278 519 2342 etreliqua
565 2277 754 2329 habitus
797 2276 1030 2342 insiqnia.
1079 2276 1214 2327 Iubet
1258 2280 1307 2326 et

245 2360 426 2412 ancilia
454 2359 728 2412 solemniter
771 2358 1100 2424 circumferri,
1147 2357 1297 2410 caeri-
