2066 3216
1186 254 1250 306 27

250 366 346 418 Sed
374 367 500 419 bane
532 373 721 420 tanta-m-
751 368 963 432 ‚aloriam
985 368 1141 419 victor
1162 369 1250 419 tri-

184 449 251 501 sti
293 463 411 502 mom
451 449 724 513 parricidio
766 450 998 514 foedavit.
1046 450 1251 518 Romam

183 530 315 582 enim
334 531 548 593 rediens,
569 531 820 583 hostilibus
844 531 1011 595 spoliis
1029 537 1246 592 onustus,

183 625 295 663 cum
339 626 559 664 sororem
610 626 753 664 suam
797 613 1081 678 virginem,
1128 625 1251 675 quae

182 694 276 745 uni
331 693 648 746 Curatiorum
702 696 991 759 desponsata
1044 696 1215 760 fuerat
1233 735 1246 755 ,

182 776 371 827 obviam
406 776 676 839 habuisset,
710 783 1050 840 conspectoque
1066 778 1250 842 fratris

183 858 237 909 in
281 857 501 910 humeris
545 858 716 922 spousi
751 859 1095 923 paludamento
1141 859 1246 909 suis

181 939 404 991 manibus
422 946 566 1002 tea-to,
587 941 869 1004 sponsalitio
888 933 1103 1002 munere,
1124 955 1249 991 mae-

181 1027 310 1074 stam
343 1023 398 1074 in
438 1023 629 1086 publico
677 1023 857 1087 qaudio
903 1021 1249 1086 deflentemque

180 1104 493 1168 conspiciens,
518 1104 760 1156 acerrime
786 1104 1089 1168 indiqnatus,
1112 1104 1248 1155 illam

180 1186 351 1252 ¹alodio
385 1185 662 1250 translimit,
689 1186 997 1237 eoeclamans:
1033 1205 1052 1231 α
1081 1186 1152 1236 sic
1174 1193 1252 1237 eat

182 1280 505 1331 quaecumque
521 1280 781 1319 romanum
804 1268 984 1332 luqebit
1006 1268 1203 1319 hostem.
1229 1286 1246 1314 n

164 1340 434 1413 vHuiusque
465 1350 707 1419 facinoris
740 1364 856 1400 reus
890 1351 1024 1413 apud
1067 1351 1251 1415 Reqem

185 1439 235 1483 et
265 1446 296 1482 a
331 1431 625 1482 Duumviris
659 1433 949 1495 dampnatus
963 1471 976 1492 ,
1015 1433 1250 1496 populum

180 1514 456 1578 appellans,
493 1513 597 1564 iuri
630 1519 849 1577 ereptus,
878 1514 1063 1564 annosi
1088 1514 1251 1576 patris

179 1595 433 1648 orbitatem
466 1595 768 1660 deprecantis
807 1595 1035 1658 precibus
1082 1610 1138 1645 ac
1181 1596 1248 1646 la-

179 1677 352 1728 crimis
396 1678 692 1728 condonatus
741 1683 826 1728 est.
885 1677 986 1727 Hoc
1033 1670 1249 1727 maa-ime

181 1760 320 1810 modo
362 1757 483 1810 Alba
520 1759 728 1820 Romae,
763 1759 907 1822 quasi
927 1765 1083 1810 mater
1100 1758 1250 1822 filiae,

182 1841 242 1893 in
271 1841 534 1905 imperium
567 1842 712 1892 venit.

253 1922 442 1975 Dehinc
490 1922 665 1974 Metius
701 1923 929 1989 Fufetius
963 1923 1250 1974 albanorum

182 2007 313 2068 dum,
350 2018 402 2055 se
435 2006 568 2069 apud
600 2019 715 2056 suos
749 2006 967 2056 odiosum
1002 2005 1247 2067 sentiens,

180 2088 308 2151 quod
349 2087 616 2139 libertatem
655 2089 977 2152 fortunasque
1033 2087 1250 2138 omnium

181 2170 235 2220 in
268 2174 367 2221 tam
394 2182 667 2233 paucorum
715 2170 938 2220 manibus
978 2169 1250 2232 posuisset,

183 2257 238 2303 ut
284 2251 336 2303 in
383 2251 598 2317 qratiam
643 2252 859 2314 rediret,
907 2251 1142 2315 fidenates
1193 2266 1253 2301 ac

179 2336 415 2400 vejentes‚
447 2335 692 2398 pollicitus
727 2334 824 2386 illis
864 2335 1151 2397 intempore
1176 2335 1248 2397 os-
