<?xml version="1.0" encoding="UTF-8"?>
<!DOCTYPE html PUBLIC "-//W3C//DTD XHTML 1.0 Transitional//EN"
    "http://www.w3.org/TR/xhtml1/DTD/xhtml1-transitional.dtd">
<html xmlns="http://www.w3.org/1999/xhtml" xml:lang="en" lang="en">
 <head>
  <title>
</title>
<meta http-equiv="Content-Type" content="text/html;charset=utf-8" />
  <meta name='ocr-system' content='tesseract 3.04.00' />
  <meta name='ocr-capabilities' content='ocr_page ocr_carea ocr_par ocr_line ocrx_word'/>
</head>
<body>
  <div class='ocr_page' id='page_1' title='image "./levitedinumaetos00petruoft_0026.png"; bbox 0 0 2066 3216; ppageno 0'>
   <div class='ocr_carea' id='block_1_1' title="bbox 778 253 840 302">
    <p class='ocr_par' dir='ltr' id='par_1_1' title="bbox 778 253 840 302">
     <span class='ocr_line' id='line_1_1' title="bbox 778 253 840 302; baseline 0.016 -1"><span class='ocrx_word' id='word_1_1' title='bbox 778 253 840 302; x_wconf 78' lang='lat'><em>10</em></span> 
     </span>
    </p>
   </div>
   <div class='ocr_carea' id='block_1_2' title="bbox 770 367 1848 2477">
    <p class='ocr_par' dir='ltr' id='par_1_2' title="bbox 770 367 1848 2477">
     <span class='ocr_line' id='line_1_2' title="bbox 776 367 1836 431; baseline 0.002 -15"><span class='ocrx_word' id='word_1_2' title='bbox 776 372 878 416; x_wconf 80' lang='lat' dir='ltr'><em>tum</em></span> <span class='ocrx_word' id='word_1_3' title='bbox 919 372 966 417; x_wconf 86' lang='lat' dir='ltr'><em>et</em></span> <span class='ocrx_word' id='word_1_4' title='bbox 1013 380 1067 416; x_wconf 88' lang='lat' dir='ltr'><em>eo</em></span> <span class='ocrx_word' id='word_1_5' title='bbox 1113 367 1322 430; x_wconf 89' lang='lat' dir='ltr'><em>amplius</em></span> <span class='ocrx_word' id='word_1_6' title='bbox 1364 373 1473 431; x_wconf 84' lang='lat' dir='ltr'><em>post</em></span> <span class='ocrx_word' id='word_1_7' title='bbox 1524 380 1705 431; x_wconf 87' lang='lat' dir='ltr'><em>annos,</em></span> <span class='ocrx_word' id='word_1_8' title='bbox 1747 381 1836 418; x_wconf 88' lang='lat' dir='ltr'><em>nec</em></span> 
     </span>
     <span class='ocr_line' id='line_1_3' title="bbox 775 448 1837 510; baseline 0.004 -13"><span class='ocrx_word' id='word_1_9' title='bbox 775 453 891 498; x_wconf 93' lang='lat' dir='ltr'><em>tunc</em></span> <span class='ocrx_word' id='word_1_10' title='bbox 928 448 1136 510; x_wconf 89' lang='lat' dir='ltr'><em>Romae,</em></span> <span class='ocrx_word' id='word_1_11' title='bbox 1173 450 1259 498; x_wconf 89' lang='lat' dir='ltr'><em>sed</em></span> <span class='ocrx_word' id='word_1_12' title='bbox 1302 455 1518 500; x_wconf 76' lang='lat' dir='ltr'><em>ccctremo</em></span> <span class='ocrx_word' id='word_1_13' title='bbox 1564 449 1736 502; x_wconf 86' lang='lat' dir='ltr'><em>Italiae</em></span> <span class='ocrx_word' id='word_1_14' title='bbox 1782 449 1837 501; x_wconf 87' lang='lat' dir='ltr'><em>in</em></span> 
     </span>
     <span class='ocr_line' id='line_1_4' title="bbox 773 528 1836 594; baseline 0 -15"><span class='ocrx_word' id='word_1_15' title='bbox 773 531 955 594; x_wconf 75' lang='lat' dir='ltr'><em>anyulo</em></span> <span class='ocrx_word' id='word_1_16' title='bbox 981 528 1214 594; x_wconf 76' lang='lat' dir='ltr'><em>floruisse</em></span> <span class='ocrx_word' id='word_1_17' title='bbox 1232 537 1529 593; x_wconf 88' lang='lat' dir='ltr'><em>compertum</em></span> <span class='ocrx_word' id='word_1_18' title='bbox 1555 537 1642 582; x_wconf 82' lang='lat' dir='ltr'><em>est.</em></span> <span class='ocrx_word' id='word_1_19' title='bbox 1667 531 1727 582; x_wconf 86' lang='lat' dir='ltr'><em>Id</em></span> <span class='ocrx_word' id='word_1_20' title='bbox 1757 546 1836 581; x_wconf 77' lang='lat' dir='ltr'><em>er·</em></span> 
     </span>
     <span class='ocr_line' id='line_1_5' title="bbox 776 612 1838 678; baseline 0.004 -18"><span class='ocrx_word' id='word_1_21' title='bbox 776 625 836 675; x_wconf 76' lang='lat'><em>90</em></span> <span class='ocrx_word' id='word_1_22' title='bbox 866 612 1072 674; x_wconf 88' lang='lat' dir='ltr'><em>propius</em></span> <span class='ocrx_word' id='word_1_23' title='bbox 1118 626 1232 662; x_wconf 78' lang='lat' dir='ltr'><em>vero</em></span> <span class='ocrx_word' id='word_1_24' title='bbox 1281 613 1356 663; x_wconf 81' lang='lat' dir='ltr'><em>vel</em></span> <span class='ocrx_word' id='word_1_25' title='bbox 1401 613 1532 663; x_wconf 91' lang='lat' dir='ltr'><em>nullo</em></span> <span class='ocrx_word' id='word_1_26' title='bbox 1572 613 1838 678; x_wconf 74' lang='lat' dir='ltr'><em>pereqrino</em></span> 
     </span>
     <span class='ocr_line' id='line_1_6' title="bbox 777 693 1842 758; baseline 0.005 -17"><span class='ocrx_word' id='word_1_27' title='bbox 777 693 1090 756; x_wconf 70' lang='lat' dir='ltr'><em>mayisteriO,</em></span> <span class='ocrx_word' id='word_1_28' title='bbox 1127 694 1213 743; x_wconf 91' lang='lat' dir='ltr'><em>sed</em></span> <span class='ocrx_word' id='word_1_29' title='bbox 1256 699 1470 744; x_wconf 82' lang='lat' dir='ltr'><em>vetustae</em></span> <span class='ocrx_word' id='word_1_30' title='bbox 1515 707 1634 744; x_wconf 90' lang='lat' dir='ltr'><em>suae</em></span> <span class='ocrx_word' id='word_1_31' title='bbox 1683 694 1842 758; x_wconf 72' lang='lat' dir='ltr'><em>yemis</em></span> 
     </span>
     <span class='ocr_line' id='line_1_7' title="bbox 777 774 1840 837; baseline 0.003 -14"><span class='ocrx_word' id='word_1_32' title='bbox 777 774 1053 836; x_wconf 76' lang='lat' dir='ltr'><em>disciplina,</em></span> <span class='ocrx_word' id='word_1_33' title='bbox 1076 787 1219 837; x_wconf 82' lang='lat' dir='ltr'><em>quam</em></span> <span class='ocrx_word' id='word_1_34' title='bbox 1246 780 1338 826; x_wconf 87' lang='lat' dir='ltr'><em>toto</em></span> <span class='ocrx_word' id='word_1_35' title='bbox 1365 780 1478 825; x_wconf 91' lang='lat' dir='ltr'><em>tunc</em></span> <span class='ocrx_word' id='word_1_36' title='bbox 1499 775 1612 826; x_wconf 83' lang='lat' dir='ltr'><em>orbe</em></span> <span class='ocrx_word' id='word_1_37' title='bbox 1634 775 1840 826; x_wconf 85' lang='lat' dir='ltr'><em>sanctis·</em></span> 
     </span>
     <span class='ocr_line' id='line_1_8' title="bbox 775 855 1843 920; baseline 0.002 -16"><span class='ocrx_word' id='word_1_38' title='bbox 775 855 953 905; x_wconf 90' lang='lat' dir='ltr'><em>simam</em></span> <span class='ocrx_word' id='word_1_39' title='bbox 983 856 1147 920; x_wconf 87' lang='lat' dir='ltr'><em>fuisse</em></span> <span class='ocrx_word' id='word_1_40' title='bbox 1181 862 1395 919; x_wconf 87' lang='lat' dir='ltr'><em>constat,</em></span> <span class='ocrx_word' id='word_1_41' title='bbox 1431 858 1531 919; x_wconf 82' lang='lat' dir='ltr'><em>vel,</em></span> <span class='ocrx_word' id='word_1_42' title='bbox 1565 862 1622 907; x_wconf 84' lang='lat' dir='ltr'><em>ut</em></span> <span class='ocrx_word' id='word_1_43' title='bbox 1663 856 1843 907; x_wconf 81' lang='lat' dir='ltr'><em>certius</em></span> 
     </span>
     <span class='ocr_line' id='line_1_9' title="bbox 776 938 1848 1003; baseline 0.001 -15"><span class='ocrx_word' id='word_1_44' title='bbox 776 938 972 999; x_wconf 82' lang='lat' dir='ltr'><em>loquar,</em></span> <span class='ocrx_word' id='word_1_45' title='bbox 1010 938 1091 988; x_wconf 91' lang='lat' dir='ltr'><em>illo</em></span> <span class='ocrx_word' id='word_1_46' title='bbox 1140 938 1438 1001; x_wconf 76' lang='lat' dir='ltr'><em>inspirante,</em></span> <span class='ocrx_word' id='word_1_47' title='bbox 1486 939 1584 1001; x_wconf 80' lang='lat' dir='ltr'><em>qui·</em></span> <span class='ocrx_word' id='word_1_48' title='bbox 1610 952 1754 1003; x_wconf 70' lang='lat' dir='ltr'><em>reyes</em></span> <span class='ocrx_word' id='word_1_49' title='bbox 1799 943 1848 989; x_wconf 83' lang='lat' dir='ltr'><em>et</em></span> 
     </span>
     <span class='ocr_line' id='line_1_10' title="bbox 770 1019 1845 1086; baseline 0.001 -17"><span class='ocrx_word' id='word_1_50' title='bbox 770 1019 1084 1082; x_wconf 74' lang='lat' dir='ltr'><em>philosophos</em></span> <span class='ocrx_word' id='word_1_51' title='bbox 1121 1021 1280 1071; x_wconf 82' lang='lat' dir='ltr'><em>doctos</em></span> <span class='ocrx_word' id='word_1_52' title='bbox 1319 1020 1457 1086; x_wconf 83' lang='lat' dir='ltr'><em>facit,</em></span> <span class='ocrx_word' id='word_1_53' title='bbox 1503 1035 1671 1085; x_wconf 75' lang='lat' dir='ltr'><em>reqem</em></span> <span class='ocrx_word' id='word_1_54' title='bbox 1715 1020 1845 1071; x_wconf 76' lang='lat' dir='ltr'><em>hunc</em></span> 
     </span>
     <span class='ocr_line' id='line_1_11' title="bbox 777 1101 1841 1165; baseline 0.002 -15"><span class='ocrx_word' id='word_1_55' title='bbox 777 1102 965 1151; x_wconf 90' lang='lat' dir='ltr'><em>doctum</em></span> <span class='ocrx_word' id='word_1_56' title='bbox 1002 1102 1120 1151; x_wconf 90' lang='lat' dir='ltr'><em>adeo</em></span> <span class='ocrx_word' id='word_1_57' title='bbox 1154 1102 1390 1152; x_wconf 81' lang='lat' dir='ltr'><em>evasisse:</em></span> <span class='ocrx_word' id='word_1_58' title='bbox 1438 1115 1541 1165; x_wconf 75' lang='lat' dir='ltr'><em>qua</em></span> <span class='ocrx_word' id='word_1_59' title='bbox 1579 1103 1728 1154; x_wconf 85' lang='lat' dir='ltr'><em>etiam</em></span> <span class='ocrx_word' id='word_1_60' title='bbox 1768 1101 1841 1152; x_wconf 83' lang='lat' dir='ltr'><em>in-</em></span> 
     </span>
     <span class='ocr_line' id='line_1_12' title="bbox 775 1182 1844 1247; baseline 0.002 -16"><span class='ocrx_word' id='word_1_61' title='bbox 775 1182 1020 1245; x_wconf 77' lang='lat' dir='ltr'><em>spirante,</em></span> <span class='ocrx_word' id='word_1_62' title='bbox 1058 1183 1138 1234; x_wconf 91' lang='lat' dir='ltr'><em>ille</em></span> <span class='ocrx_word' id='word_1_63' title='bbox 1165 1184 1480 1247; x_wconf 75' lang='lat' dir='ltr'><em>philosophus</em></span> <span class='ocrx_word' id='word_1_64' title='bbox 1513 1184 1632 1235; x_wconf 83' lang='lat' dir='ltr'><em>alibi</em></span> <span class='ocrx_word' id='word_1_65' title='bbox 1651 1184 1844 1247; x_wconf 81' lang='lat' dir='ltr'><em>quidem</em></span> 
     </span>
     <span class='ocr_line' id='line_1_13' title="bbox 775 1265 1842 1330; baseline 0.004 -18"><span class='ocrx_word' id='word_1_66' title='bbox 775 1270 824 1314; x_wconf 88' lang='lat' dir='ltr'><em>et</em></span> <span class='ocrx_word' id='word_1_67' title='bbox 854 1269 1009 1314; x_wconf 84' lang='lat' dir='ltr'><em>aetate</em></span> <span class='ocrx_word' id='word_1_68' title='bbox 1041 1265 1142 1315; x_wconf 87' lang='lat' dir='ltr'><em>alia</em></span> <span class='ocrx_word' id='word_1_69' title='bbox 1177 1271 1316 1327; x_wconf 82' lang='lat' dir='ltr'><em>atque</em></span> <span class='ocrx_word' id='word_1_70' title='bbox 1352 1266 1537 1316; x_wconf 88' lang='lat' dir='ltr'><em>sciendi</em></span> <span class='ocrx_word' id='word_1_71' title='bbox 1561 1279 1737 1330; x_wconf 72' lang='lat' dir='ltr'><em>qenere</em></span> <span class='ocrx_word' id='word_1_72' title='bbox 1760 1265 1842 1316; x_wconf 85' lang='lat' dir='ltr'><em>do-</em></span> 
     </span>
     <span class='ocr_line' id='line_1_14' title="bbox 777 1347 1846 1411; baseline 0.002 -15"><span class='ocrx_word' id='word_1_73' title='bbox 777 1352 883 1397; x_wconf 89' lang='lat' dir='ltr'><em>ctus</em></span> <span class='ocrx_word' id='word_1_74' title='bbox 902 1347 1016 1410; x_wconf 86' lang='lat' dir='ltr'><em>fuit.</em></span> <span class='ocrx_word' id='word_1_75' title='bbox 1042 1347 1233 1399; x_wconf 90' lang='lat' dir='ltr'><em>Numae</em></span> <span class='ocrx_word' id='word_1_76' title='bbox 1259 1361 1376 1411; x_wconf 69' lang='lat' dir='ltr'><em>erqo</em></span> <span class='ocrx_word' id='word_1_77' title='bbox 1399 1347 1631 1411; x_wconf 84' lang='lat' dir='ltr'><em>Pompilii</em></span> <span class='ocrx_word' id='word_1_78' title='bbox 1652 1353 1699 1398; x_wconf 83' lang='lat' dir='ltr'><em>et</em></span> <span class='ocrx_word' id='word_1_79' title='bbox 1717 1347 1846 1410; x_wconf 82' lang='lat' dir='ltr'><em>quie-</em></span> 
     </span>
     <span class='ocr_line' id='line_1_15' title="bbox 775 1428 1841 1490; baseline 0.001 -12"><span class='ocrx_word' id='word_1_80' title='bbox 775 1433 825 1478; x_wconf 90' lang='lat' dir='ltr'><em>ta</em></span> <span class='ocrx_word' id='word_1_81' title='bbox 860 1433 908 1478; x_wconf 86' lang='lat' dir='ltr'><em>et</em></span> <span class='ocrx_word' id='word_1_82' title='bbox 941 1428 1162 1490; x_wconf 88' lang='lat' dir='ltr'><em>sapiens,</em></span> <span class='ocrx_word' id='word_1_83' title='bbox 1198 1440 1292 1490; x_wconf 82' lang='lat' dir='ltr'><em>qua</em></span> <span class='ocrx_word' id='word_1_84' title='bbox 1327 1429 1492 1479; x_wconf 83' lang='lat' dir='ltr'><em>datum</em></span> <span class='ocrx_word' id='word_1_85' title='bbox 1513 1434 1621 1480; x_wconf 88' lang='lat' dir='ltr'><em>erat</em></span> <span class='ocrx_word' id='word_1_86' title='bbox 1638 1429 1730 1481; x_wconf 85' lang='lat' dir='ltr'><em>ulli</em></span> <span class='ocrx_word' id='word_1_87' title='bbox 1761 1428 1841 1479; x_wconf 83' lang='grc' dir='ltr'><em>Ιιο-</em></span> 
     </span>
     <span class='ocr_line' id='line_1_16' title="bbox 776 1509 1839 1578; baseline 0.004 -19"><span class='ocrx_word' id='word_1_88' title='bbox 776 1509 991 1572; x_wconf 91' lang='lat' dir='ltr'><em>minum,</em></span> <span class='ocrx_word' id='word_1_89' title='bbox 1029 1509 1128 1561; x_wconf 75' lang='lat' dir='ltr'><em>rita</em></span> <span class='ocrx_word' id='word_1_90' title='bbox 1158 1510 1286 1575; x_wconf 85' lang='lat' dir='ltr'><em>fuit,</em></span> <span class='ocrx_word' id='word_1_91' title='bbox 1302 1516 1350 1561; x_wconf 88' lang='lat' dir='ltr'><em>et</em></span> <span class='ocrx_word' id='word_1_92' title='bbox 1375 1511 1668 1574; x_wconf 81' lang='lat' dir='ltr'><em>tranquillus</em></span> <span class='ocrx_word' id='word_1_93' title='bbox 1687 1526 1746 1562; x_wconf 91' lang='lat' dir='ltr'><em>ac</em></span> <span class='ocrx_word' id='word_1_94' title='bbox 1763 1513 1839 1578; x_wconf 85' lang='lat' dir='ltr'><em>fa-</em></span> 
     </span>
     <span class='ocr_line' id='line_1_17' title="bbox 774 1591 1846 1656; baseline 0.005 -16"><span class='ocrx_word' id='word_1_95' title='bbox 774 1591 885 1642; x_wconf 89' lang='lat' dir='ltr'><em>cilis</em></span> <span class='ocrx_word' id='word_1_96' title='bbox 920 1591 1048 1642; x_wconf 81' lang='lat' dir='ltr'><em>vitae</em></span> <span class='ocrx_word' id='word_1_97' title='bbox 1078 1591 1221 1655; x_wconf 73' lang='lat' dir='ltr'><em>finis,</em></span> <span class='ocrx_word' id='word_1_98' title='bbox 1255 1592 1407 1643; x_wconf 88' lang='lat' dir='ltr'><em>nullis</em></span> <span class='ocrx_word' id='word_1_99' title='bbox 1432 1592 1846 1656; x_wconf 71' lang='lat' dir='ltr'><em>interpellantibus</em></span> 
     </span>
     <span class='ocr_line' id='line_1_18' title="bbox 775 1673 1846 1727; baseline 0.004 -4"><span class='ocrx_word' id='word_1_100' title='bbox 775 1673 981 1724; x_wconf 83' lang='lat' dir='ltr'><em>motibus</em></span> <span class='ocrx_word' id='word_1_101' title='bbox 1007 1675 1081 1725; x_wconf 76' lang='lat' dir='ltr'><em>vel</em></span> <span class='ocrx_word' id='word_1_102' title='bbox 1103 1674 1326 1724; x_wconf 79' lang='lat' dir='ltr'><em>civilibus</em></span> <span class='ocrx_word' id='word_1_103' title='bbox 1350 1675 1426 1725; x_wconf 80' lang='lat' dir='ltr'><em>vel</em></span> <span class='ocrx_word' id='word_1_104' title='bbox 1448 1675 1684 1726; x_wconf 75' lang='lat' dir='ltr'><em>eoeternis.</em></span> <span class='ocrx_word' id='word_1_105' title='bbox 1721 1675 1846 1727; x_wconf 81' lang='lat' dir='ltr'><em>Obiit</em></span> 
     </span>
     <span class='ocr_line' id='line_1_19' title="bbox 783 1756 1848 1818; baseline 0.004 -14"><span class='ocrx_word' id='word_1_106' title='bbox 783 1767 961 1816; x_wconf 67' lang='lat' dir='ltr'><em>senem,</em></span> <span class='ocrx_word' id='word_1_107' title='bbox 998 1756 1216 1818; x_wconf 86' lang='lat' dir='ltr'><em>sepultus</em></span> <span class='ocrx_word' id='word_1_108' title='bbox 1251 1760 1325 1806; x_wconf 87' lang='lat' dir='ltr'><em>est</em></span> <span class='ocrx_word' id='word_1_109' title='bbox 1344 1756 1431 1806; x_wconf 86' lang='lat' dir='ltr'><em>sub</em></span> <span class='ocrx_word' id='word_1_110' title='bbox 1458 1756 1690 1807; x_wconf 87' lang='lat' dir='ltr'><em>Ianiculo.</em></span> <span class='ocrx_word' id='word_1_111' title='bbox 1722 1756 1848 1808; x_wconf 68' lang='lat' dir='ltr'><em>Tan⁴</em></span> 
     </span>
     <span class='ocr_line' id='line_1_20' title="bbox 776 1837 1844 1902; baseline 0.003 -15"><span class='ocrx_word' id='word_1_112' title='bbox 776 1843 977 1898; x_wconf 81' lang='lat' dir='ltr'><em>tumque</em></span> <span class='ocrx_word' id='word_1_113' title='bbox 1013 1837 1246 1888; x_wconf 83' lang='lat' dir='ltr'><em>tributum</em></span> <span class='ocrx_word' id='word_1_114' title='bbox 1292 1838 1404 1888; x_wconf 75' lang='lat' dir='ltr'><em>huic</em></span> <span class='ocrx_word' id='word_1_115' title='bbox 1447 1837 1560 1902; x_wconf 71' lang='lat' dir='ltr'><em>reqi</em></span> <span class='ocrx_word' id='word_1_116' title='bbox 1600 1839 1844 1899; x_wconf 83' lang='lat' dir='ltr'><em>novimus,</em></span> 
     </span>
     <span class='ocr_line' id='line_1_21' title="bbox 774 1920 1845 1983; baseline 0.002 -14"><span class='ocrx_word' id='word_1_117' title='bbox 774 1923 832 1969; x_wconf 85' lang='lat' dir='ltr'><em>ut</em></span> <span class='ocrx_word' id='word_1_118' title='bbox 874 1931 996 1982; x_wconf 79' lang='lat' dir='ltr'><em>quae</em></span> <span class='ocrx_word' id='word_1_119' title='bbox 1047 1920 1150 1983; x_wconf 88' lang='lat' dir='ltr'><em>ipse</em></span> <span class='ocrx_word' id='word_1_120' title='bbox 1196 1921 1450 1970; x_wconf 75' lang='lat' dir='ltr'><em>sanxisset</em></span> <span class='ocrx_word' id='word_1_121' title='bbox 1488 1920 1651 1971; x_wconf 89' lang='lat' dir='ltr'><em>nullus</em></span> <span class='ocrx_word' id='word_1_122' title='bbox 1697 1920 1845 1972; x_wconf 78' lang='lat' dir='ltr'><em>homi-</em></span> 
     </span>
     <span class='ocr_line' id='line_1_22' title="bbox 776 2002 1846 2066; baseline 0.004 -15"><span class='ocrx_word' id='word_1_123' title='bbox 776 2015 921 2062; x_wconf 89' lang='lat' dir='ltr'><em>num,</em></span> <span class='ocrx_word' id='word_1_124' title='bbox 958 2002 1060 2052; x_wconf 86' lang='lat' dir='ltr'><em>nisi</em></span> <span class='ocrx_word' id='word_1_125' title='bbox 1105 2002 1231 2051; x_wconf 90' lang='lat' dir='ltr'><em>idem</em></span> <span class='ocrx_word' id='word_1_126' title='bbox 1277 2002 1405 2064; x_wconf 88' lang='lat' dir='ltr'><em>ipse,</em></span> <span class='ocrx_word' id='word_1_127' title='bbox 1458 2002 1712 2066; x_wconf 73' lang='lat' dir='ltr'><em>infirmare</em></span> <span class='ocrx_word' id='word_1_128' title='bbox 1759 2009 1846 2055; x_wconf 84' lang='lat' dir='ltr'><em>aut</em></span> 
     </span>
     <span class='ocr_line' id='line_1_23' title="bbox 775 2083 1845 2147; baseline 0.003 -15"><span class='ocrx_word' id='word_1_129' title='bbox 775 2089 967 2134; x_wconf 89' lang='lat' dir='ltr'><em>mutare</em></span> <span class='ocrx_word' id='word_1_130' title='bbox 1017 2091 1369 2146; x_wconf 80' lang='lat' dir='ltr'><em>praesumeret.</em></span> <span class='ocrx_word' id='word_1_131' title='bbox 1438 2083 1683 2147; x_wconf 76' lang='lat' dir='ltr'><em>Siquidem</em></span> <span class='ocrx_word' id='word_1_132' title='bbox 1732 2090 1845 2147; x_wconf 88' lang='lat' dir='ltr'><em>post</em></span> 
     </span>
     <span class='ocr_line' id='line_1_24' title="bbox 775 2166 1843 2234; baseline 0.001 -19"><span class='ocrx_word' id='word_1_133' title='bbox 775 2177 934 2215; x_wconf 85' lang='lat' dir='ltr'><em>annos</em></span> <span class='ocrx_word' id='word_1_134' title='bbox 969 2166 1166 2234; x_wconf 79' lang='lat' dir='ltr'><em>circiter</em></span> <span class='ocrx_word' id='word_1_135' title='bbox 1200 2166 1510 2231; x_wconf 69' lang='lat' dir='ltr'><em>quinqentos,</em></span> <span class='ocrx_word' id='word_1_136' title='bbox 1545 2166 1632 2216; x_wconf 81' lang='lat' dir='ltr'><em>sub</em></span> <span class='ocrx_word' id='word_1_137' title='bbox 1656 2171 1843 2230; x_wconf 89' lang='lat' dir='ltr'><em>tempus</em></span> 
     </span>
     <span class='ocr_line' id='line_1_25' title="bbox 778 2247 1841 2313; baseline 0.004 -18"><span class='ocrx_word' id='word_1_138' title='bbox 778 2247 888 2298; x_wconf 88' lang='lat' dir='ltr'><em>belli</em></span> <span class='ocrx_word' id='word_1_139' title='bbox 921 2248 1219 2298; x_wconf 80' lang='lat' dir='ltr'><em>Macedonici</em></span> <span class='ocrx_word' id='word_1_140' title='bbox 1251 2248 1304 2298; x_wconf 92' lang='lat' dir='ltr'><em>in</em></span> <span class='ocrx_word' id='word_1_141' title='bbox 1338 2262 1460 2313; x_wconf 72' lang='lat' dir='ltr'><em>aqro</em></span> <span class='ocrx_word' id='word_1_142' title='bbox 1507 2248 1678 2299; x_wconf 88' lang='lat' dir='ltr'><em>Petilii</em></span> <span class='ocrx_word' id='word_1_143' title='bbox 1722 2248 1841 2299; x_wconf 89' lang='lat' dir='ltr'><em>scri-</em></span> 
     </span>
     <span class='ocr_line' id='line_1_26' title="bbox 776 2328 1836 2395; baseline 0.002 -16"><span class='ocrx_word' id='word_1_144' title='bbox 776 2328 860 2379; x_wconf 82' lang='lat' dir='ltr'><em>bae</em></span> <span class='ocrx_word' id='word_1_145' title='bbox 878 2371 890 2391; x_wconf 88' lang='lat'><em>‚</em></span> <span class='ocrx_word' id='word_1_146' title='bbox 923 2330 1009 2392; x_wconf 81' lang='lat' dir='ltr'><em>qui</em></span> <span class='ocrx_word' id='word_1_147' title='bbox 1040 2331 1105 2380; x_wconf 89' lang='lat' dir='ltr'><em>ad</em></span> <span class='ocrx_word' id='word_1_148' title='bbox 1138 2330 1412 2381; x_wconf 79' lang='lat' dir='ltr'><em>Ianiculum</em></span> <span class='ocrx_word' id='word_1_149' title='bbox 1446 2335 1565 2392; x_wconf 85' lang='lat' dir='ltr'><em>erat,</em></span> <span class='ocrx_word' id='word_1_150' title='bbox 1601 2330 1836 2395; x_wconf 60' lang='lat' dir='ltr'><em>apricola,</em></span> 
     </span>
     <span class='ocr_line' id='line_1_27' title="bbox 774 2411 1840 2477; baseline 0.003 -17"><span class='ocrx_word' id='word_1_151' title='bbox 774 2412 859 2461; x_wconf 89' lang='lat' dir='ltr'><em>cui</em></span> <span class='ocrx_word' id='word_1_152' title='bbox 897 2411 1156 2463; x_wconf 85' lang='lat' dir='ltr'><em>Terentius</em></span> <span class='ocrx_word' id='word_1_153' title='bbox 1191 2425 1369 2463; x_wconf 91' lang='lat' dir='ltr'><em>nomen</em></span> <span class='ocrx_word' id='word_1_154' title='bbox 1387 2412 1508 2477; x_wconf 85' lang='lat' dir='ltr'><em>fuit,</em></span> <span class='ocrx_word' id='word_1_155' title='bbox 1536 2411 1722 2463; x_wconf 87' lang='lat' dir='ltr'><em>sulcum</em></span> <span class='ocrx_word' id='word_1_156' title='bbox 1743 2425 1840 2463; x_wconf 91' lang='lat' dir='ltr'><em>mo-</em></span> 
     </span>
    </p>
   </div>
  </div>
 </body>
</html>
