2066 3216
782 236 811 280 (ἰ

782 348 968 406 sensio,
1014 346 1197 397 sabinis
1244 346 1432 410 inqenti
1475 346 1654 410 ‚qaudio
1698 346 1838 409 plau-

714 435 729 443 ‘
781 428 999 479 (lentibus
1025 428 1282 492 indiqenae
1307 428 1446 492 reqi,
1469 426 1688 478 romanis
1712 427 1840 479 ultro

782 510 1011 560 meritum
1045 509 1278 559 honorem
1313 514 1443 560 tanto
1478 510 1692 560 advenae
1715 509 1841 573 defe-

780 591 1015 642 rentibus.
1051 590 1129 641 Sie
1164 591 1339 642 electus
1373 606 1404 641 a
1431 591 1608 653 populo
1625 632 1636 653 ,
1671 590 1841 654 confir-

785 678 945 724 matus
981 688 1011 722 a
1039 672 1291 735 patribus,
1318 671 1615 736 pereqrinus
1657 673 1724 723 ad
1764 686 1839 722 re-

787 771 940 822 qnum
975 758 1132 817 venit,
1180 757 1323 819 inque
1357 757 1524 807 urbem
1569 770 1841 808 romanam-

783 853 874 902 que
908 854 1069 890 arcem
1118 847 1368 900 evocatus,
1403 853 1574 890 rerum
1608 839 1843 901 habenas,

782 922 1033 984 auspicato
1070 934 1254 984 quoque
1300 928 1355 972 ut
1394 922 1629 972 Romulus
1668 921 1846 986 funda·

784 1010 946 1054 menta
981 1003 1115 1054 urbis
1143 1004 1354 1068 jecerat,
1390 1003 1612 1067 suscepit.
1650 1002 1740 1054 Vir
1771 1003 1858 1054 cli->

783 1086 889 1137 vini
921 1092 967 1136 et
1011 1085 1214 1136 humani
1250 1086 1384 1149 Juris
1429 1086 1844 1148 consultissimus,

784 1168 1136 1230 tranquillitate
1188 1167 1406 1232 inqenita
1450 1166 1568 1230 paci
1615 1169 1843 1229 studens,

784 1250 898 1300 bello
934 1249 1183 1300 abstinens
1200 1291 1211 1311 ‚
1247 1249 1404 1299 saeris
1438 1249 1653 1311 deditus,
1677 1255 1724 1300 et
1740 1249 1843 1312 pri-

786 1345 859 1381 mo
895 1331 1085 1394 quidem
1117 1331 1231 1395 reqi
1256 1331 1503 1394 proposito
1537 1331 1715 1383 similis
1732 1332 1849 1396 ›for-

785 1413 930 1464 lassis
951 1455 962 1475 ,
1009 1427 1180 1464 verum
1215 1413 1401 1463 artibus
1444 1413 1680 1476 totiusque
1719 1412 1847 1465 vitae

785 1501 950 1546 tenore
984 1494 1254 1545 dissimilis.
1304 1494 1392 1545 Ille
1439 1493 1568 1544 enim
1613 1494 1666 1545 vi
1706 1500 1847 1558 atque

784 1578 939 1627 armis
955 1618 967 1637 ‚
1005 1577 1082 1627 hio
1107 1577 1301 1641 justitia
1335 1583 1381 1628 et
1414 1577 1600 1642 leqibus
1618 1576 1849 1641 fundavit

704 1684 708 1689 ·
787 1659 1046 1722 imperium
1060 1679 1076 1721 ,·
1113 1659 1187 1710 illi
1221 1659 1339 1709 bella
1367 1659 1683 1722 placuerunt,
1719 1658 1846 1719 huie,

789 1746 846 1792 ut
883 1740 1019 1801 dixi,
1048 1741 1189 1804 pacis
1223 1754 1363 1791 amor
1395 1756 1453 1791 ae
1485 1740 1700 1792 studium
1733 1741 1847 1805 fuit.

790 1823 928 1884 Quod
960 1828 1014 1874 ut
1046 1823 1238 1886 asperis
1274 1823 1482 1885 belloque
1526 1823 1734 1873 assuetis
1779 1822 1848 1873 in-

784 1910 977 1970 qereret
1009 1905 1213 1967 animis,
1252 1905 1634 1967 prudentissime
1678 1910 1849 1956 eontra

783 1988 1003 2038 morbum
1024 1992 1232 2039 veterem
1254 1988 1458 2038 adverso
1481 1987 1694 2038 remedio
1711 2001 1848 2038 usus.

787 2068 942 2133 Atque
987 2070 1052 2120 acl
1095 2070 1366 2120 leniendam
1403 2069 1575 2132 populi
1610 2069 1848 2135 ferociam

786 2166 1040 2202 armorum
1074 2157 1240 2202 natam
1273 2152 1604 2214 nutritumque
1626 2164 1746 2211 usu,
1775 2151 1846 2202 de·

787 2234 1089 2284 suetudinem
1130 2233 1359 2296 optimam
1404 2247 1508 2283 esse
1553 2233 1847 2292 arbitratus,

787 2315 908 2366 Jani
939 2316 1167 2378 templum
1201 2315 1401 2378 statuit,
1437 2316 1563 2379 quod
1602 2319 1844 2379 apertum,
